@misc{sdl,
    author = "{Sounding Rocket}",
    title = {{Space Dynamics Laboratory Payload Challange}},
    howpublished = {\url{http://www.soundingrocket.org/sdl-payload-challenge.html}},
    note = {Online; accessed 12 August 2018} ,
    year=2018,
}

@misc{msd,
    author = "{Rochester Institute of Technology}",
    title = {{Microfluidic Spectroscopy for Proteins within CubeSats}},
    howpublished = {\url{http://edge.rit.edu/edge/P16104/public/Home}},
    note = {Online; accessed 12 August 2018} ,
    year=2016,
}