@TechReport{FAAAeroForecast2016,
author = {Roger D. Schaufele},
title = {{FAA Aerospace Forecast: Fiscal Years 2016-2036}},
institution = {Federal Aviation Administration},
year = {2016},
OPTkey = {TC16-0002},
url= {https://www.faa.gov/data_research/aviation/aerospace_forecasts/media/FY2016-36_FAA_Aerospace_Forecast.pdf}
}

@online{AlJazeeraSpaceArticle,
author = {Kristyn Martin},
title = {The business of space: Exploring the new commercial space economy},
year = {2014},
url = {http://america.aljazeera.com/watch/shows/real-money-with-alivelshi/articles/2014/12/2/the-business-of-spaceexploringthenewcommercialspaceeconomy.html},
}

@online{LA-Times_InvestmentInSpace,
	author = {Samantha Masunaga},
	title = {Why investment in space companies is heating up},
	year = {2016},
	url = {http://www.latimes.com/business/la-fi-qa-space-investment-20160707-snap-story.html},
}

@article{coldgaspdd,
    author={James Emerson Parkus and David Breen},
    title={Cold Gas Propulsion Analysis and Design},
    journal={RIT Space Exploration},
    year={2017},
    month={September},
    note={{Project Definition Document}},
}