% BibTeX format is used to auto-generate references.
% See below for a list of formats based in on the reference type.
% https://verbosus.com/bibtex-style-examples.html
