@article{nozzles,
    author =       "Isidoro Martinez",
    title =        "{Nozzles}",
    journal =      "Unknown",
    volume =       "1",
    number =       "1",
    pages =        "1 - 18",
    year =         "2016",
    DOI =          "http://webserver.dmt.upm.es/~isidoro/bk3/c17/Nozzles.pdf",
    keywords =     "thermodynamics"
}

  @book{RPE,
    author    =   "George Sutton",
    title     =   "Rocket Propulsion Elements",
    publisher =   "Unknown",
    address   =   "Unknown",
    year      =   "1984",
    edition   =   "2nd"
    }

    @book{SPAD,
      author    =   "Ronald W. Humble, Gary N. Henry, Wiley J. Larson",
      title     =   "Space Propulsion Analysis and Design",
      publisher =   "McGraw Hill",
      address   =   "New York, NY",
      year      =   "1995",
      edition   =   "1st"
      }
