
@misc{teb13,
  author    =   "Leila Tebyani",
  title     =   "Thermal Vacuum Chamber Operation and Testing",
  year      =   "2013",
  note      =   "\url{http://digitalcommons.calpoly.edu/cgi/viewcontent.cgi?article=1123&context=aerosp}."
  }

 @online{korYoutube,
        title = {How To Build A Vacuum Chamber, That Sucks},
        date = {2016},
        organization = {Youtube},
        author = {The King of Random},
        url = {https://www.youtube.com/watch?v=ERRMoHfrjAI&vl=en},
    }

 @online{vacChamberExp,
        title = {How to Make a Vacuum Chamber},
        date = {2016},
        organization = {monolocoworkshop},
        author = {Ty Moser},
        url = {https://www.monolocoworkshop.com/2016/08/how-to-make-a-vacuum-chamber.html},
    }

    
