@techreport{wuaphab4,
    author={Philip Linden},
    title={{HAB4 post flight report}},
    journal={RIT Space Exploration},
    year={2018},
    month={July},
    note={{URL}: \url{https://github.com/RIT-Space-Exploration/hab-cv/blob/master/reports/HAB4%20Post%20Flight%20Report/report_wuap_postflight-hab4.md}},
}

@article{habcvpdd,
    author={Philip Linden and T.J. Tarazevits and Jeff Maggio},
    title={On-Board Image Processing and Computer Vision Techniques on Low-Cost Consumer Electronics for Vegetation Density Mapping and Other Experiments},
    journal={RIT Space Exploration},
    year={2017},
    month={December},
    note={{Project Definition Document}},
}