@online{PocketQube,
  title = {{PocketQube} Wikipedia Description},
  url = {https://en.wikipedia.org/wiki/PocketQube},
  urldate = {2017-06-18}
}

@online{50SAT,
  title = {{$50SAT - Eagle2} Website},
  url = {http://www.50dollarsat.info/},
  urldate = {2017-06-18}
}
